@URL {someguy2993,
    author   = "Some guy",
    year     = "2993",
    month    = "may",
    crossref = "someguy2993"
}
